<?xml version="1.0" encoding="UTF-8"?><collection xmlns="http://www.loc.gov/MARC21/slim"><record><leader>00580nam--2200181-i-4500</leader><controlfield tag="001">000007495</controlfield><controlfield tag="002">20161230</controlfield><controlfield tag="005">20161230201027</controlfield><controlfield tag="008">060222s1000------------r-----000-0-fre-d</controlfield><datafield ind1=" " ind2=" " tag="040"><subfield code="a">IFIN-HH</subfield></datafield><datafield ind1=" " ind2=" " tag="041"><subfield code="a">fre</subfield></datafield><datafield ind1=" " ind2=" " tag="080"><subfield code="a">535.853</subfield></datafield><datafield ind1="1" ind2=" " tag="100"><subfield code="a">Graner, Georges</subfield></datafield><datafield ind1="1" ind2="0" tag="245"><subfield code="a">Etude et mise au point d'un spectrometre interferentiel a tres haute resolution pour les spetres d'absorption dans l'infrarouge proche</subfield><subfield code="b">These</subfield><subfield code="c">Georges graner</subfield></datafield><datafield ind1=" " ind2=" " tag="260"><subfield code="a">Paris</subfield><subfield code="b">La Faculte Des Sciences De L'Universite</subfield><subfield code="c">1965</subfield></datafield><datafield ind1=" " ind2=" " tag="300"><subfield code="a">82p</subfield></datafield><datafield ind1=" " ind2=" " tag="852"><subfield code="a">22827</subfield><subfield code="c">535.33</subfield></datafield><datafield ind1=" " ind2=" " tag="CAT"><subfield code="a">Sys</subfield><subfield code="c">20101202</subfield><subfield code="h">152212</subfield></datafield></record></collection>